@book{Conn_Scheinberg_Vicente_2009,
    title        = {Introduction to Derivative-Free Optimization},
    author       = {Conn, A. R. and Scheinberg, K. and N. Vicente, L.},
    series       = {MPS-SIAM Ser. Optim.},
    publisher    = {SIAM},
    year         = 2009,
}

@inproceedings{Powell_2006,
    title        = {The {NEWUOA} software for unconstrained optimization without derivatives},
    author       = {Powell, M. J. D.},
    booktitle    = {Large-Scale Nonlinear Optimization},
    editor       = {{Di Pillo}, G. and Roma, M.},
    series       = {Nonconvex Optimization and Its Applications},
    publisher    = {Springer},
    volume       = 83,
    pages        = {255--297},
    year         = 2006,
}

@techreport{Powell_2009,
    title        = {The {BOBYQA} algorithm for bound constrained optimization without derivatives},
    author       = {Powell, M. J. D.},
    number       = {DAMTP 2009/NA06},
    institution  = {Department of Applied Mathematics and Theoretical Physics, University of Cambridge},
    year         = 2009,
}
